
@article{Shannon2003,
author = {Shannon, Paul and Markiel, Andrew and Ozier, Owen and Baliga, Nitin S. and Wang, Jonathan T. and Ramage, Daniel and Amin, Nada and Schwikowski, Benno and Ideker, Trey}, 
title = {Cytoscape: A Software Environment for Integrated Models of Biomolecular Interaction Networks},
volume = {13}, 
number = {11}, 
pages = {2498-2504}, 
year = {2003}, 
doi = {10.1101/gr.1239303}, 
journal = {Genome Research} 
}

@INPROCEEDINGS{Xie2011,
    author = {Jierui Xie and B. K. Szymanski and Xiaoming Liu},
    title = {{SLPA}: Uncovering Overlapping Communities in Social Networks via A Speaker-listener Interaction Dynamic Process},
    booktitle = {ICDM 2011 Workshop on DMCCI},
    year = {2011},
}

@inproceedings{Gornerup2015,
  author = {G\"ornerup, Olof and Gillblad, Daniel and Vasiloudis, Theodore},
  title = {Knowing an Object by the Company It Keeps: A Domain-Agnostic Scheme for Similarity Discovery},
  booktitle = {{IEEE} International Conference on Data Mining {(ICDM} 2015)},
  year = 2015
}

@INPROCEEDINGS{Xie2012,
    author = {Jierui Xie and B. K. Szymanski},
    title = {Towards Linear Time Overlapping Community Detection in Social Networks},
    booktitle = {The 16th Pacific-Asia Conference on Knowledge Discovery and Data Mining (PAKDD)},
    year = {2012},
    pages = {25-36}
}

@article{Jordan2004,
    author = {Jordan, I. King and Mari\~{n}o-Ram\'{\i}rez, Leonardo and Wolf, Yuri I. and Koonin, Eugene V.},
    journal = {Molecular Biology and Evolution},
    number = {11},
    pages = {2058--2070},
    publisher = {Oxford University Press},
    title = {{Conservation and Coevolution in the Scale-Free Human Gene Coexpression Network}},
    volume = {21},
    year = {2004}
}

@article{Cancho2001,
   author = {Cancho, Ramon F. and Sol\'{e}, Richard V.},
  journal = {Proceedings of the Royal Society of London. Series B: Biological Sciences},
  number = 1482,
  pages = {2261--2265},
  title = {The small world of human language},
  volume = 268,
  year = 2001
}

@article{Steyvers2005,
author = {Steyvers, Mark and Tenenbaum, Joshua B},
journal = {Cognitive science},
number = {1},
pages = {41--78},
title = {{The large-scale structure of semantic networks: statistical analyses and a model of semantic growth.}},
volume = {29},
year = {2005}
}

@article{Fortunato2010,
  author = {Fortunato, Santo},
  journal = {Physics Reports},
  keywords = {community detection survey toread},
  number = {3-5},
  pages = {75--174},
  title = {Community detection in graphs},
  volume = 486,
  year = 2010
}

@article{Albert2002,
  author = {Albert, R\'eka and Barab\'asi, Albert-L\'aszl\'o},
  journal = {Rev. Mod. Phys.},
  month = jan,
  number = 1,
  pages = {47--97},
  publisher = {American Physical Society},
  title = {Statistical mechanics of complex networks},
  volume = 74,
  year = 2002
}

@article{Larson96,
    author = {Larson, Ray.},
    journal = {Ann. Meeting of the American Soc. Info. Sci.},
    title = {{Bibliometrics of the World Wide Web: An exploratory analysis of the intellectual structure of cyberspace}},
    year = {1996}
}

@article{Small1973,
  author = {Small, Henry},
  journal = {Journal of the American Society for Information Science},
  number = 4,
  pages = {265--269},
  publisher = {Wiley Subscription Services, Inc., A Wiley Company},
  title = {Co-citation in the scientific literature: A new measure of the relationship between two documents},
  volume = 24,
  year = 1973
}

@article{Kessler1963,
  author = {Kessler, M.M.},
  journal = {American Documentation 14},
  pages = {10-25},
  title = {Bibliographic coupling between scientific papers},
  year = 1963
}

@book{Mihalcea2011,
  author = {Mihalcea, Rada and Radev, Dragomir},
  publisher = {Cambridge University Press},
  title = {Graph-based natural language processing and information retrieval},
  year = 2011
}

@inproceedings{Mikolov2013,
    title = "Linguistic regularities in continuous space word representations",
    author = "Mikolov, Tomas and Yih, Wen-tau and Zweig, Geoffrey",
    booktitle = "Proceedings of NAACL-HLT",
    pages = "746--751",
    year = "2013",
}

@ARTICLE{Deerwester90,
    author = {Scott Deerwester and Susan T. Dumais and George W. Furnas and Thomas K. Landauer and Richard Harshman},
    title = {Indexing by latent semantic analysis},
    journal = {JOURNAL OF THE AMERICAN SOCIETY FOR INFORMATION SCIENCE},
    year = {1990},
    volume = {41},
    number = {6},
    pages = {391--407}
}

@inproceedings{Pennington2014,
    author = {Pennington, Jeffrey and Socher, Richard and Manning, Christopher},
    booktitle = {Proceedings of the 2014 Conference on Empirical Methods in Natural Language Processing (EMNLP)},
    pages = {1532--1543},
    publisher = {Association for Computational Linguistics},
    title = {{Glove: Global Vectors for Word Representation}},
    year = {2014}
}

@article{Brown1992,
 author = {Brown, Peter F. and deSouza, Peter V. and Mercer, Robert L. and Pietra, Vincent J. Della and Lai, Jenifer C.},
 title = {{Class-based N-gram Models of Natural Language}},
 journal = {{Computational Linguistics}},
 volume = {18},
 number = {4},
 year = {1992},
 issn = {0891-2017},
 pages = {467--479},
 publisher = {MIT Press},
} 

@Article{Harispe2015,
  author = {Harispe, S\`{e}bastien and Ranwez, Sylvie and Janaqi, Stefan and Montmain, Jacky},
 title = {{Semantic Similarity from Natural Language and Ontology Analysis}},
 	JOURNAL = {Synthesis Lectures on Human Language Technologies},
	VOLUME = {8},
	NUMBER = {1},
	PAGES = {1-254},
	YEAR = {2015}	}
	
@Article{kanerva:hyperdimensional,
	AUTHOR = "Pentti Kanerva",
	TITLE = "Hyperdimensional Computing: An Introduction to Computing in Distributed Representation with High-Dimensional Random Vectors",
	JOURNAL = "Cognitive Computing",
	VOLUME = {1},
	NUMBER = {2},
	PAGES = {139-159},
	MONTH = "January",
	YEAR = {2009}	}

@article{Schneider2005,
    author = {Schneider, Adrian and Cannarozzi, Gina and Gonnet, Gaston},
  journal = {BMC Bioinformatics},
  number = 134,
  title = {Empirical codon substitution matrix},
  volume = 6,
  year = 2005
}

@book{Celma2010,
  author = {Celma, {\`O}scar},
  title = {{Music Recommendation and Discovery in the Long Tail}},
  publisher = {Springer},
  year = {2010}
}

@phdthesis{Sahlgren-2006,
  author = {Sahlgren, Magnus},
    school = {Stockholm University},
    title = {{The Word-Space Model: using distributional analysis to represent syntagmatic and paradigmatic relations between words in high-dimensional vector spaces.}},
    year = {2006}
}

@Article{Harris-1970,
  author = {Harris, Z.},
  title = {Distributional structure},
  journal = {Papers in structural and transformational Linguistics},
  year = {1970}
}
pages = {775--794}

@Book{Harris-1968,
  author = {Harris, Z.},
  title = {Mathematical structures of language},
  publisher = {Interscience Publishers},
  year = {1968},
}

@inproceedings{Mikolov-2013,
  title={Distributed representations of words and phrases and their compositionality},
  author={Mikolov, Tomas and Sutskever, Ilya and Chen, Kai and Corrado, Greg S and Dean, Jeff},
  booktitle={Advances in Neural Information Processing Systems},
  pages={3111--3119},
  year={2013}
}


@inproceedings {Zaharia-2012,
  author = {Matei Zaharia and Mosharaf Chowdhury and Tathagata Das and Ankur Dave and Justin Ma and Murphy McCauly and Michael J. Franklin and Scott Shenker and Ion Stoica},
  title = {Resilient Distributed Datasets: A Fault-Tolerant Abstraction for In-Memory Cluster Computing},
  booktitle = {Presented as part of the 9th USENIX Symposium on Networked Systems Design and Implementation (NSDI 12)},
  year = {2012},
  address = {San Jose, CA},
  pages = {15--28},
}

@Article{Cilibrasi-2007,
  author = {Rudi L. Cilibrasi and Paul M.B. Vitanyi},
  title = {The {G}oogle similarity distance},
  journal = {IEEE Transactions on Knowledge and Data Engineering},
  year = {2007},
  volume = {19},
  number = {3},
  pages = {370--383}
}

@article{Raghavan07,
  title = {Near linear time algorithm to detect community structures in large-scale networks},
  author = {Raghavan, Usha Nandini and Albert, R\'eka and Kumara, Soundar},
  journal = {Phys. Rev. E},
  volume = {76},
  issue = {3},
  pages = {036106},
  year = {2007},
  publisher = {American Physical Society},
}

@article{Church90,
 author = {Church, Kenneth Ward and Hanks, Patrick},
 title = {Word Association Norms, Mutual Information, and Lexicography},
 journal = {Computational Linguistics},
 issue_date = {March 1990},
 volume = {16},
 number = {1},
 year = {1990},
 pages = {22--29},
 numpages = {8},
 publisher = {MIT Press},
 address = {Cambridge, MA, USA},
}

@incollection{Firth57,
  author = {Firth, J. R.},
  booktitle = {{Studies in Linguistic Analysis (special volume of the Philological Society)}},
  pages = {1--32},
  publisher = {{The Philological Society}},
  title = {{A synopsis of linguistic theory 1930--55.}},
  volume = {1952-59},
  year = 1957
}

@article{Sorensen48,
    author = {S{\o}rensen, T.},
    journal = {{Biol. Skr.}},
    pages = {1--34},
    title = {{A method of establishing groups of equal amplitude in plant sociology based on similarity of species and its application to analyses of the vegetation on Danish commons}},
    volume = {5},
    year = {1948}
}

@article{Dice45,
    author = {Dice, L. R.},
    journal = {Ecology},
    number = {3},
    pages = {297--302},
    title = {{Measures of the amount of ecologic association between species}},
    volume = {26},
    year = {1945}
}

@Article{Jaccard1912,
  author = {Paul Jaccard},
  title = {The distribution of the flora in the alpine zone},
  journal = {New Phytologist},
  year = {1912},
  volume = {11},
  number = {2},
  pages = {37--50}
}

@Article{Chao-2005,
  author = {Anne Chao and Robin L. Chazdon and Robert K. Colwell and Tsung-Jen Shen},
  title = {A new statistical approach for assessing similarity of species composition with incidence and abundance data},
  journal = {Ecology Letters},
  year = {2005},
  volume = {8},
  number = {},
  pages = {148--159}
}

@InProceedings{Zhou-2003,
  author = {Dengyong Zhou and Olivier Bousquet and Thomas Navin Lal and Jason Weston and Bernhard Sch\"ölkopf},
  title = {Learning with local and global consistency},
  booktitle = {Advances in Neural Information Processing Systems (NIPS)},
  year = {2003},
}

@Article{Fortunato-2010,
   author = {{Fortunato}, S.},
    title = "{Community detection in graphs}",
  journal = {Physics Reports},
archivePrefix = "arXiv",
   eprint = {0906.0612},
 primaryClass = "physics.soc-ph",
     year = 2010,
    month = feb,
   volume = 486,
    pages = {75-174},
}

@article {Anisimova09,
	title            = "Investigating protein-coding sequence evolution with probabilistic codon substitution models.",
	year             = "2009",
	author           = "Maria Anisimova and Carolin Kosiol",
	journal          = "Molecular Biology and Evolution",
	volume           = "26",
	number           = "2",
	pages            = "255-271",
}

@ARTICLE{Nirenberg65,
   author = {{Nirenberg}, M. and {Leder}, P. and {Bernfield}, M. and {Brimacombe}, R. and
	{Trupin}, J. and {Rottman}, F. and {O'Neal}, C.},
    title = "{RNA Codewords and Protein Synthesis, VII. On the General Nature of the RNA Code}",
  journal = {Proceedings of the National Academy of Science},
     year = 1965,
    month = may,
   volume = 53,
    pages = {1161-1168},
}

@INPROCEEDINGS{Dayhoff78,
    author = {M. O. Dayhoff and R. M. Schwartz},
    title = {Chapter 22: A model of evolutionary change in proteins},
    booktitle = {Atlas of Protein Sequence and Structure},
    year = {1978}
}

@inproceedings{Wu96,
  author    = {Thomas D. Wu and
               Douglas L. Brutlag},
  editor    = {David J. States and
               Pankaj Agarwal and
               Terry Gaasterland and
               Lawrence Hunter and
               Randall Smith},
  title     = {Discovering Empirically Conserved Amino Acid Substitution Groups in
               Databases of Protein Families},
  booktitle = {Proceedings of the Fourth International Conference on Intelligent
               Systems for Molecular Biology, St. Louis, MO, USA, June 12-15 1996},
  pages     = {230--240},
  publisher = {{AAAI}},
  year      = {1996},
}

@Article{Landauer-1998,
  author = {Landauer, T. K. and Foltz, P. W. and Laham, D.},
  title = {Introduction to Latent Semantic Analysis},
  journal = {Discourse Processes},
  year = {1998},
  volume = {25},
  pages = {259--284}
}

@Article{miller1995wordnet,
	title={WordNet: a lexical database for English},
	author={Miller, George A},
	journal={Communications of the ACM},
	volume={38},
	number={11},
	pages={39--41},
	year={1995},
	publisher={ACM}
}

@article{budanitsky2006evaluating,
	title={Evaluating wordnet-based measures of lexical semantic relatedness},
	author={Budanitsky, Alexander and Hirst, Graeme},
	journal={Computational Linguistics},
	volume={32},
	number={1},
	pages={13--47},
	year={2006},
	publisher={MIT press}
}

@incollection{lin2008survey,
	title={A survey of exploiting wordnet in ontology matching},
	author={Lin, Feiyu and Sandkuhl, Kurt},
	booktitle={Artificial Intelligence in Theory and Practice II},
	pages={341--350},
	year={2008},
	publisher={Springer}
}

@inproceedings{jiang2011ontology,
	title={Ontology enhancement and concept granularity learning: keeping yourself current and adaptive},
	author={Jiang, Shan and Bing, Lidong and Sun, Bai and Zhang, Yan and Lam, Wai},
	booktitle={{Proceedings of the 17th ACM SIGKDD international conference on Knowledge Discovery and Data Mining}},
	pages={1244--1252},
	year={2011},
	organization={ACM}
}

@article{harispe2013semantic,
	title={Semantic Measures for the Comparison of Units of Language, Concepts or Instances from Text and Knowledge Base Analysis},
	author={Harispe, S{\'e}bastien and Ranwez, Sylvie and Janaqi, Stefan and Montmain, Jacky},
	journal={arXiv preprint arXiv:1310.1285},
	year={2013}
}

@article{Michel10,
title = {Quantitative Analysis of Culture Using Millions of Digitized Books},
author  = {{Jean-Baptiste} Michel and Yuan Kui Shen and Aviva Presser Aiden and Adrian Veres and Matthew K. Gray and The Google Books Team and Joseph P. Pickett and Dale Holberg and Dan Clancy and Peter Norvig and Jon Orwant and Steven Pinker and Martin A. Nowak and Erez Lieberman Aiden},
year  = 2010,
journal = {Science}
}

@inproceedings{Lin12,
 author = {Lin, Yuri and Michel, {Jean-Baptiste} and Aiden, Erez Lieberman and Orwant, Jon and Brockman, Will and Petrov, Slav},
 title = {{Syntactic Annotations for the Google Books Ngram Corpus}},
 booktitle = {Proceedings of the ACL 2012 System Demonstrations},
 series = {ACL '12},
 year = {2012},
 pages = {169--174},
 numpages = {6},
 publisher = {Association for Computational Linguistics},
 address = {Stroudsburg, PA, USA},
}

@inproceedings{Pecina08,
  author = {Pavel Pecina},
  title = {A Machine Learning Approach to Multiword Expression Extraction},
  booktitle = {Proceedings of the {LREC} 2008 Workshop Towards a Shared Task for Multiword Expressions},
  publisher = {European Language Resources Association},
  pages = {54--57},
  year = {2008}
}

@inproceedings{Bouma09,
author = {Bouma, G.},
booktitle = {From form to meaning: Processing texts automatically, Proceedings of the Biennial GSCL Conference},
keywords = {SML-LIB-BIBLIO,lang:ENG},
mendeley-tags = {SML-LIB-BIBLIO,lang:ENG},
pages = {31--40},
title = {Normalized (pointwise) mutual information in collocation extraction},
year = {2009}
}

@article{Chelba13,
  author = {Chelba, Ciprian and Mikolov, Tomas and Schuster, Mike and Ge, Qi and Brants, Thorsten and Koehn, Phillipp},
  journal = {{CoRR}},
  keywords = {dblp},
  title = {One Billion Word Benchmark for Measuring Progress in Statistical Language Modeling.},
  volume = {abs/1312.3005},
  year = 2013
}

@inproceedings{schedl2005web,
	Address        = {Riga, Latvia},
	Author         = {Markus Schedl and Peter Knees and Gerhard Widmer},
	Booktitle      = {Proceedings of the 4th International Workshop on Content-Based Multimedia Indexing {(CBMI'05)}},
	Month          = {June},
	Title          = {{A Web-Based Approach to Assessing Artist Similarity using Co-Occurrences}},
	Year           = {2005}
}

@inproceedings{celma2008hits,
	title={From hits to niches? or how popular artists can bias music recommendation and discovery},
	author={Celma, {\`O}scar and Cano, Pedro},
	booktitle={Proceedings of the 2nd KDD Workshop on Large-Scale Recommender Systems and the Netflix Prize Competition},
	pages={5},
	year={2008},
	organization={ACM}
}

@article{Alexandrov14,
author = {Alexandrov, Alexander and Bergmann, Rico and Ewen, Stephan and Freytag, Johann-Christoph and Hueske, Fabian and Heise, Arvid and Kao, Odej and Leich, Marcus and Leser, Ulf and Markl, Volker and Naumann, Felix and Peters, Mathias and Rheinl\"ander, Astrid and Sax, Matthias J. and Schelter, Sebastian and H\"oger, Mareike and Tzoumas, Kostas and Warneke, Daniel},
 title = {The {S}tratosphere Platform for Big Data Analytics},
 journal = {The VLDB Journal},
 year = {2014},
 issn = {1066-8888},
 pages = {163--181},
 publisher = {Springer-Verlag Berlin Heidelberg},
 address = {Berlin, Germany}
}

@inproceedings{Finkelstein01,
 author = {Finkelstein, Lev and Gabrilovich, Evgeniy and Matias, Yossi and Rivlin, Ehud and Solan, Zach and Wolfman, Gadi and Ruppin, Eytan},
 title = {Placing Search in Context: The Concept Revisited},
 booktitle = {Proceedings of the 10th International Conference on World Wide Web},
 series = {WWW '01},
 year = {2001},
 location = {Hong Kong, Hong Kong},
 pages = {406--414},
 numpages = {9},
 publisher = {ACM},
 address = {New York, NY, USA},
}

@inproceedings{Halawi12,
 author = {Halawi, Guy and Dror, Gideon and Gabrilovich, Evgeniy and Koren, Yehuda},
 title = {Large-scale Learning of Word Relatedness with Constraints},
 booktitle = {Proceedings of the 18th ACM SIGKDD International Conference on Knowledge Discovery and Data Mining},
 year = {2012},
 isbn = {978-1-4503-1462-6},
 location = {Beijing, China},
 pages = {1406--1414},
 publisher = {ACM},
 address = {New York, NY, USA},
}

@inproceedings{Yih12,
 author = {Yih, {Wen-tau} and Qazvinian, Vahed},
 title = {Measuring Word Relatedness Using Heterogeneous Vector Space Models},
 booktitle = {Proceedings of the 2012 Conference of the North American Chapter of the Association for Computational Linguistics: Human Language Technologies},
 series = {NAACL HLT '12},
 year = {2012},
 location = {Montreal, Canada},
 pages = {616--620},
 publisher = {Association for Computational Linguistics},
 address = {Stroudsburg, PA, USA},
}

@article{Hill14,
  author    = {Felix Hill and
               Roi Reichart and
               Anna Korhonen},
  title     = {SimLex-999: Evaluating Semantic Models with (Genuine) Similarity Estimation},
  journal   = {{CoRR}},
  volume    = {abs/1408.3456},
  year      = {2014},
}

@inproceedings{koutris2011conjuctive,
	author = {Koutris, Paraschos and Suciu, Dan},
	title = {Parallel Evaluation of Conjunctive Queries},
	booktitle = {Proceedings of the Thirtieth ACM SIGMOD-SIGACT-SIGART Symposium on Principles of Database Systems},
	series = {PODS '11},
	year = {2011},
	location = {Athens, Greece},
	pages = {223--234},
	publisher = {ACM},
	address = {New York, NY, USA},
}

@inproceedings{Chandra77,
	author = {Chandra, Ashok K. and Merlin, Philip M.},
	title = {Optimal Implementation of Conjunctive Queries in Relational Data Bases},
	booktitle = {Proceedings of the Ninth Annual ACM Symposium on Theory of Computing},
	series = {STOC '77},
	year = {1977},
	location = {Boulder, Colorado, USA},
	pages = {77--90},
	publisher = {ACM},
	address = {New York, NY, USA},
}

@article{Bitton83,
	author = {Bitton, Dina and Boral, Haran and DeWitt, David J. and Wilkinson, W. Kevin},
	title = {Parallel Algorithms for the Execution of Relational Database Operations},
	journal = {ACM Transactions in Database Systems},
	issue_date = {Sept. 1983},
	volume = {8},
	number = {3},
	month = sep,
	year = {1983},
	issn = {0362-5915},
	pages = {324--353},
	publisher = {ACM},
	address = {New York, NY, USA},
}

@inproceedings{Jeh2002simrank,
	author = {Jeh, Glen and Widom, Jennifer},
	title = {SimRank: A Measure of Structural-context Similarity},
	booktitle = {Proceedings of the Eighth ACM SIGKDD International Conference on Knowledge Discovery and Data Mining},
	series = {KDD '02},
	year = {2002},
	location = {Edmonton, Alberta, Canada},
	pages = {538--543},
	publisher = {ACM},
	address = {New York, NY, USA},
}

@article{Yu2012simrankOpt,
	year={2012},
	issn={1386-145X},
	journal={World Wide Web},
	volume={15},
	number={3},
	title={A space and time efficient algorithm for SimRank computation},
	author={Yu, Weiren and Zhang, Wenjie and Lin, Xuemin and Zhang, Qing and Le, Jiajin},
	pages={327-353},
}

@article {Zhang2005tom,
	Title = {A general framework for weighted gene co-expression network analysis},
	Author = {Zhang, Bin and Horvath, Steve},
	Volume = {4},
	Year = {2005},
	Journal = {Statistical applications in genetics and molecular biology},
	Pages = {Article17},
}

@article{ravasz2002hierarchical,
	title={Hierarchical organization of modularity in metabolic networks},
	author={Ravasz, Erzs{\'e}bet and Somera, Anna Lisa and Mongru, Dale A and Oltvai, Zolt{\'a}n N and Barab{\'a}si, A-L},
	journal={Science},
	volume={297},
	number={5586},
	pages={1551--1555},
	year={2002},
	publisher={American Association for the Advancement of Science}
}

@inproceedings{biemann2005ontology,
	title={{Ontology Learning from Text: A Survey of Methods.}},
	author={Biemann, Chris},
	booktitle={LDV forum},
	volume={20},
	number={2},
	pages={75--93},
	year={2005}
}

@article{Wong2012ontology,
	author = {Wong, Wilson and Liu, Wei and Bennamoun, Mohammed},
	title = {Ontology Learning from Text: A Look Back and into the Future},
	journal = {ACM Comput. Surv.},
	issue_date = {August 2012},
	volume = {44},
	number = {4},
	year = {2012},
	pages = {20:1--20:36},
	publisher = {ACM},
}

@inproceedings{faloutsos1999internet,
	author = {Faloutsos, Michalis and Faloutsos, Petros and Faloutsos, Christos},
	title = {On Power-law Relationships of the Internet Topology},
	booktitle = {Proceedings of the Conference on Applications, Technologies, Architectures, and Protocols for Computer Communication},
	series = {SIGCOMM '99},
	year = {1999},
	location = {Cambridge, Massachusetts, USA},
	pages = {251--262},
	publisher = {ACM},
	address = {New York, NY, USA},
}

@article{albert1999internet,
  title={Internet: Diameter of the world-wide web},
  author={Albert, R{\'e}ka and Jeong, Hawoong and Barab{\'a}si, Albert-L{\'a}szl{\'o}},
  journal={Nature},
  volume={401},
  number={6749},
  pages={130--131},
  year={1999},
  publisher={Nature Publishing Group}
}

@inproceedings{mislove2007social,
 author = {Mislove, Alan and Marcon, Massimiliano and Gummadi, Krishna P. and Druschel, Peter and Bhattacharjee, Bobby},
 title = {Measurement and Analysis of Online Social Networks},
 booktitle = {Proceedings of the 7th ACM SIGCOMM Conference on Internet Measurement},
 series = {IMC '07},
 year = {2007},
 location = {San Diego, California, USA},
 pages = {29--42},
 publisher = {ACM},
 address = {New York, NY, USA},
}

@article {steyvers2005semantic,
author = {Steyvers, Mark and Tenenbaum, Joshua B.},
title = {The Large-Scale Structure of Semantic Networks: Statistical Analyses and a Model of Semantic Growth},
journal = {Cognitive Science},
volume = {29},
number = {1},
publisher = {Lawrence Erlbaum Associates, Inc.},
ipages = {41--78},
year = {2005},
}

@article{albert2000error,
  title={Error and attack tolerance of complex networks},
  author={Albert, R{\'e}ka and Jeong, Hawoong and Barab{\'a}si, Albert-L{\'a}szl{\'o}},
  journal={Nature},
  volume={406},
  number={6794},
  pages={378--382},
  year={2000},
  publisher={Nature Publishing Group}
}

@article{leicht2006vertex,
	title = {Vertex similarity in networks},
	author = {Leicht, E. A. and Holme, Petter and Newman, M. E. J.},
	journal = {Physical Review E},
	volume = {73},
	issue = {2},
	pages = {026120},
	numpages = {10},
	year = {2006},
	month = {Feb},
	publisher = {American Physical Society}}
}

@Article{Palla2005,
	author={Palla, Gergely
	and Derenyi, Imre
	and Farkas, Illes
	and Vicsek, Tamas},
	title={Uncovering the overlapping community structure of complex networks in nature and society},
	journal={Nature},
	year={2005},
	month={Jun},
	day={09},
	volume={435},
	number={7043},
	pages={814-818},
	issn={0028-0836},
	doi={10.1038/nature03607},
	url={http://dx.doi.org/10.1038/nature03607}
}

